@article{reference1,
  author  = {Author Name},
  title   = {Title of the Article},
  journal = {Journal Name},
  year    = {2020},
  volume  = {10},
  number  = {1},
  pages   = {1-10},
  doi     = {10.1234/example.doi},
}
